1548759600.25189	{"Id":"e41272a2-961f-4e2a-bf2e-b578af1087ea","AcqTime":"2019-01-29T11:00:00.2518854Z","BalanceEur":1111.1,"BalanceBtc":0,"Bids":[{"Order":{"Id":"f0bb471e-7e59-4e22-9643-f5799ab965ba","Time":"0001-01-01T00:00:00","Type":"Buy","Kind":"Limit","Amount":0.01,"Price":2960.64}},{"Order":{"Id":"68f57586-738e-4b10-b997-ce1d8c6b4820","Time":"0001-01-01T00:00:00","Type":"Buy","Kind":"Limit","Amount":0.01,"Price":2960.63}},{"Order":{"Id":"fdfb3952-08c9-4c76-b350-7657d9c66732","Time":"0001-01-01T00:00:00","Type":"Buy","Kind":"Limit","Amount":0.5,"Price":2960.48}},{"Order":{"Id":"790629fd-3f5e-4860-98a0-40ecd81f1158","Time":"0001-01-01T00:00:00","Type":"Buy","Kind":"Limit","Amount":0.062,"Price":2960.45}},{"Order":{"Id":"be285990-09be-4cb0-8d28-052d59f967cb","Time":"0001-01-01T00:00:00","Type":"Buy","Kind":"Limit","Amount":0.02426084,"Price":2959.69}}],"Asks":[{"Order":{"Id":"69e4483d-b808-4f14-972d-1ca9e761b896","Time":"0001-01-01T00:00:00","Type":"Sell","Kind":"Limit","Amount":0.405,"Price":2964.29}},{"Order":{"Id":"082c06d2-6e23-4669-974a-b00d35c9a2d2","Time":"0001-01-01T00:00:00","Type":"Sell","Kind":"Limit","Amount":0.405,"Price":2964.3}},{"Order":{"Id":"1127aede-e41c-4d90-9402-b292e09b160d","Time":"0001-01-01T00:00:00","Type":"Sell","Kind":"Limit","Amount":0.49,"Price":2965}},{"Order":{"Id":"68e8f0f8-6a06-43ae-894d-ceb1676ea83a","Time":"0001-01-01T00:00:00","Type":"Sell","Kind":"Limit","Amount":1.6,"Price":2966.4}},{"Order":{"Id":"7f7ac9a0-7764-4125-99d2-a9ab9635b531","Time":"0001-01-01T00:00:00","Type":"Sell","Kind":"Limit","Amount":0.405,"Price":2966.42}}]}
1548759601.33694	{"Id":"73c7b8c8-05af-45b8-aa3d-fe7e0eda87fc","AcqTime":"2019-01-29T11:00:01.3369432Z","BalanceEur":2222.2,"BalanceBtc":2.2,"Bids":[{"Order":{"Id":"3174ea30-07bc-496c-b17e-c35d8616dc54","Time":"0001-01-01T00:00:00","Type":"Buy","Kind":"Limit","Amount":0.01,"Price":2960.67}},{"Order":{"Id":"256c2749-719e-420a-b184-4a445585a89d","Time":"0001-01-01T00:00:00","Type":"Buy","Kind":"Limit","Amount":1.11117578,"Price":2960.65}},{"Order":{"Id":"e7549d0d-886a-4266-97af-f9d8ed1bd632","Time":"0001-01-01T00:00:00","Type":"Buy","Kind":"Limit","Amount":0.01,"Price":2960.64}},{"Order":{"Id":"ff62f297-49b0-4c39-84d4-f86c5527535a","Time":"0001-01-01T00:00:00","Type":"Buy","Kind":"Limit","Amount":0.01,"Price":2960.63}},{"Order":{"Id":"a5a2bdc1-4310-4c18-a3b0-a7ad831f5e19","Time":"0001-01-01T00:00:00","Type":"Buy","Kind":"Limit","Amount":0.5,"Price":2960.48}}],"Asks":[{"Order":{"Id":"f4e527d2-b09d-42d6-9732-4a20d908b4fa","Time":"0001-01-01T00:00:00","Type":"Sell","Kind":"Limit","Amount":0.405,"Price":2964.29}},{"Order":{"Id":"8c1df35a-c1a6-4a3f-9a5a-84c53e47e931","Time":"0001-01-01T00:00:00","Type":"Sell","Kind":"Limit","Amount":0.405,"Price":2964.3}},{"Order":{"Id":"b8267ebc-f56b-42c8-b678-2d5a86694924","Time":"0001-01-01T00:00:00","Type":"Sell","Kind":"Limit","Amount":0.49,"Price":2965}},{"Order":{"Id":"fb12cc6d-6e12-45ad-aa15-afc8a26248a8","Time":"0001-01-01T00:00:00","Type":"Sell","Kind":"Limit","Amount":0.46736417,"Price":2966.39}},{"Order":{"Id":"46748208-010f-47fc-9e98-0896507eaff4","Time":"0001-01-01T00:00:00","Type":"Sell","Kind":"Limit","Amount":0.405,"Price":2966.42}}]}
1548759602.41701	{"Id":"c9df785f-58e6-4e83-800a-96a99627bcf5","AcqTime":"2019-01-29T11:00:02.4170098Z","BalanceEur":3333.3,"BalanceBtc":3.3,"Bids":[{"Order":{"Id":"4e1fda71-d39f-4cfb-b43e-503799ae0f7d","Time":"0001-01-01T00:00:00","Type":"Buy","Kind":"Limit","Amount":0.01,"Price":2960.64}},{"Order":{"Id":"90222ee3-a2dc-465c-a9da-87bb06714902","Time":"0001-01-01T00:00:00","Type":"Buy","Kind":"Limit","Amount":0.01,"Price":2960.63}},{"Order":{"Id":"268ba1de-f9ed-4458-8398-d082d1d931f3","Time":"0001-01-01T00:00:00","Type":"Buy","Kind":"Limit","Amount":0.5,"Price":2960.48}},{"Order":{"Id":"757eb171-7b10-4cc6-a8b2-c25ee0450d18","Time":"0001-01-01T00:00:00","Type":"Buy","Kind":"Limit","Amount":0.062,"Price":2960.45}},{"Order":{"Id":"18f44db1-1bed-45e7-aad6-9d659c53ce0e","Time":"0001-01-01T00:00:00","Type":"Buy","Kind":"Limit","Amount":0.02426084,"Price":2959.69}}],"Asks":[{"Order":{"Id":"cc6625e1-2d3c-4012-ac7f-71fbbba828d4","Time":"0001-01-01T00:00:00","Type":"Sell","Kind":"Limit","Amount":0.405,"Price":2964.29}},{"Order":{"Id":"829a37a2-8422-47ca-b279-ffcb32347fbe","Time":"0001-01-01T00:00:00","Type":"Sell","Kind":"Limit","Amount":0.405,"Price":2964.3}},{"Order":{"Id":"c4259075-f122-4e78-98d3-f2664aff529b","Time":"0001-01-01T00:00:00","Type":"Sell","Kind":"Limit","Amount":0.49,"Price":2965}},{"Order":{"Id":"ab257165-5b3e-499c-aedf-e6373976b18b","Time":"0001-01-01T00:00:00","Type":"Sell","Kind":"Limit","Amount":0.405,"Price":2966.42}},{"Order":{"Id":"0544ffd0-08ed-49cd-9274-487ca528e99f","Time":"0001-01-01T00:00:00","Type":"Sell","Kind":"Limit","Amount":0.46736417,"Price":2968.06}}]}