1548759600.25189	{"AcqTime":"2019-01-29T11:00:00.2518854Z","Bids":[{"Order":{"Id":null,"Time":"0001-01-01T00:00:00","Type":"Buy","Kind":"Limit","Amount":0.01,"Price":2960.64}},{"Order":{"Id":null,"Time":"0001-01-01T00:00:00","Type":"Buy","Kind":"Limit","Amount":0.01,"Price":2960.63}},{"Order":{"Id":null,"Time":"0001-01-01T00:00:00","Type":"Buy","Kind":"Limit","Amount":0.5,"Price":2960.48}},{"Order":{"Id":null,"Time":"0001-01-01T00:00:00","Type":"Buy","Kind":"Limit","Amount":0.062,"Price":2960.45}},{"Order":{"Id":null,"Time":"0001-01-01T00:00:00","Type":"Buy","Kind":"Limit","Amount":0.02426084,"Price":2959.69}}],"Asks":[{"Order":{"Id":null,"Time":"0001-01-01T00:00:00","Type":"Sell","Kind":"Limit","Amount":0.405,"Price":2964.29}},{"Order":{"Id":null,"Time":"0001-01-01T00:00:00","Type":"Sell","Kind":"Limit","Amount":0.405,"Price":2964.3}},{"Order":{"Id":null,"Time":"0001-01-01T00:00:00","Type":"Sell","Kind":"Limit","Amount":0.49,"Price":2965}},{"Order":{"Id":null,"Time":"0001-01-01T00:00:00","Type":"Sell","Kind":"Limit","Amount":1.6,"Price":2966.4}},{"Order":{"Id":null,"Time":"0001-01-01T00:00:00","Type":"Sell","Kind":"Limit","Amount":0.405,"Price":2966.42}}]}
1548759601.33694	{"AcqTime":"2019-01-29T11:00:01.3369432Z","Bids":[{"Order":{"Id":null,"Time":"0001-01-01T00:00:00","Type":"Buy","Kind":"Limit","Amount":0.01,"Price":2960.67}},{"Order":{"Id":null,"Time":"0001-01-01T00:00:00","Type":"Buy","Kind":"Limit","Amount":1.11117578,"Price":2960.65}},{"Order":{"Id":null,"Time":"0001-01-01T00:00:00","Type":"Buy","Kind":"Limit","Amount":0.01,"Price":2960.64}},{"Order":{"Id":null,"Time":"0001-01-01T00:00:00","Type":"Buy","Kind":"Limit","Amount":0.01,"Price":2960.63}},{"Order":{"Id":null,"Time":"0001-01-01T00:00:00","Type":"Buy","Kind":"Limit","Amount":0.5,"Price":2960.48}}],"Asks":[{"Order":{"Id":null,"Time":"0001-01-01T00:00:00","Type":"Sell","Kind":"Limit","Amount":0.405,"Price":2964.29}},{"Order":{"Id":null,"Time":"0001-01-01T00:00:00","Type":"Sell","Kind":"Limit","Amount":0.405,"Price":2964.3}},{"Order":{"Id":null,"Time":"0001-01-01T00:00:00","Type":"Sell","Kind":"Limit","Amount":0.49,"Price":2965}},{"Order":{"Id":null,"Time":"0001-01-01T00:00:00","Type":"Sell","Kind":"Limit","Amount":0.46736417,"Price":2966.39}},{"Order":{"Id":null,"Time":"0001-01-01T00:00:00","Type":"Sell","Kind":"Limit","Amount":0.405,"Price":2966.42}}]}
1548759602.41701	{"AcqTime":"2019-01-29T11:00:02.4170098Z","Bids":[{"Order":{"Id":null,"Time":"0001-01-01T00:00:00","Type":"Buy","Kind":"Limit","Amount":0.01,"Price":2960.64}},{"Order":{"Id":null,"Time":"0001-01-01T00:00:00","Type":"Buy","Kind":"Limit","Amount":0.01,"Price":2960.63}},{"Order":{"Id":null,"Time":"0001-01-01T00:00:00","Type":"Buy","Kind":"Limit","Amount":0.5,"Price":2960.48}},{"Order":{"Id":null,"Time":"0001-01-01T00:00:00","Type":"Buy","Kind":"Limit","Amount":0.062,"Price":2960.45}},{"Order":{"Id":null,"Time":"0001-01-01T00:00:00","Type":"Buy","Kind":"Limit","Amount":0.02426084,"Price":2959.69}}],"Asks":[{"Order":{"Id":null,"Time":"0001-01-01T00:00:00","Type":"Sell","Kind":"Limit","Amount":0.405,"Price":2964.29}},{"Order":{"Id":null,"Time":"0001-01-01T00:00:00","Type":"Sell","Kind":"Limit","Amount":0.405,"Price":2964.3}},{"Order":{"Id":null,"Time":"0001-01-01T00:00:00","Type":"Sell","Kind":"Limit","Amount":0.49,"Price":2965}},{"Order":{"Id":null,"Time":"0001-01-01T00:00:00","Type":"Sell","Kind":"Limit","Amount":0.405,"Price":2966.42}},{"Order":{"Id":null,"Time":"0001-01-01T00:00:00","Type":"Sell","Kind":"Limit","Amount":0.46736417,"Price":2968.06}}]}